@InProceedings{ValRoman2016,
  author       = {del Val Román, José Luis},
  booktitle    = {Valencia: Conferencia de Directores y Decanos de Ingeniería Informática, Informes CODDII},
  title        = {Industria 4.0: la transformación digital de la industria},
  year         = {2016},
  address      = {Valencia, España},
  editor       = {CODDII},
  month        = oct,
  number       = {2},
  organization = {Conferencia de Directores y Decanos de Ingeniería Informática},
  pages        = {9},
  publisher    = {CODDII},
  series       = {1},
  volume       = {3},
  url          = {http://coddii.org/wp-content/uploads/2016/10/Informe-CODDII-Industria-4.0.pdf},
}

@InBook{Rani2022,
  author    = {Rani, Sita and Kataria, Aman and Chauhan, Meetali},
  chapter   = {A Research Roadmap},
  editor    = {Tiwari, Rajeev and Mittal, Mamta and Goyal, Lalit Mohan},
  pages     = {173-190},
  publisher = {Springer Singapore},
  title     = {Fog Computing in Industry 4.0: Applications and Challenges},
  year      = {2022},
  address   = {Singapore},
  edition   = {4},
  isbn      = {978-981-16-3448-2},
  month     = sep,
  number    = {74},
  series    = {2},
  type      = {resreport},
  volume    = {1},
  abstract  = {Expeditious technical developments have remodeled the industrial sector. These developments vary from mechanization of industrial tasks to autonomous industrial processes in which no human intervention is needed for regular working. An advanced concept i.e. Industrial Internet of Things (IIoT) evolved with the appliance of Internet of Things (IoT) in industrial processes; gave a new dimension to the technological advancements in the industrial sector by facilitating industrial processes with the support of Internet. Impeding the interpretation of IIoT to the production process supported another sub-domain of IoT, recognized as Industry 4.0. The concept of Industry 4.0 is realized using sensor networks, automated business processes, robots, smart equipment and machines, actuators, and people. Consequently, a huge volume of disparate data is initialized for analysis and processing. In industry, most of the processes are real-time. To avoid communication delays and ensure data security, the majority of the processes are completed locally and only necessary data is transferred over the Internet for cloud storage. To fulfill this objective, there is always a high requirement of a middleware amidst industrial processes/tools and cloud. In this connection, Fog is the most workable solution for distinct industrial scenarios. In the manufacturing industry, it can facilitate local processing along with tolerable communication delay to robots and actuators. Data gathered from various industrial processes is usually disorganized which needs pre-processing for refinement using Fog locally then communicated to the cloud. So, fog computing plays a vital role in various Industry 4.0 applications by resolving various issues. But the deployment of Fog computing in Industry 4.0 also faces a lot many challenges of different kinds related to programmability, security, heterogeneity, and interoperability. In this book chapter, we present an overview of Fog computing along with the architectural framework of Industry 4.0. We discussed the various applications of Fog computing in industry 4.0 in detail. Different problems faced in the implementation of fog computing in Industry 4.0 will be discussed. We have also introduced various research challenges to be dealt with for the efficient deployment of fog in Industry 4.0.},
  booktitle = {Energy Conservation Solutions for Fog-Edge Computing Paradigms},
  doi       = {10.1007/978-981-16-3448-2_9},
  timestamp = {2021-09-08},
  url       = {https://doi.org/10.1007/978-981-16-3448-2_9},
}

@Electronic{Casamitjana2021,
  address      = {C/ Llauder 22. 08302 Mataró},
  author       = {Francesc Rodon Casamitjana},
  howpublished = {España},
  language     = {spanish},
  month        = sep,
  organization = {Innova It},
  title        = {Tendencias tecnológicas para el sector industrial en el 2022},
  url          = {https://innovait.cat/es/tendencias-tecnologicas-para-el-sector-industrial-en-el-2022/},
  year         = {2021},
  journal      = {Innova It},
  volume       = {2},
}

@TechReport{Yong2021,
  author      = {LI Yong},
  institution = {Organización de las Naciones Unidas para el DesarrolloIndustrial (ONUDI)},
  title       = {Informe de Desarrollo Industrial 2022},
  year        = {2021},
  address     = {Austria},
  month       = nov,
  number      = {450},
  type        = {techreport},
  abstract    = {La pandemia de la COVID-19 ha conmocionado
al mundo como ninguna otra crisis de la historia
reciente
La pandemia de la COVID-19 ha conmocionado al mundo
como ninguna otra crisis de la historia reciente. Lo que
comenzó como el brote de una enfermedad semejante a una
gripe en una región confinada y específica en el otoño de 2019
pronto se convirtió en una ola irrefrenable que transformó
todos los aspectos de la vida cotidiana a escala global. Desde
el trabajo hasta el comercio y la interacción social, todas las
actividades humanas resultaron afectadas por la pandemia
y las medidas aplicadas para contenerla.
Sin embargo, el impacto socioeconómico ha sido
desigual entre los países
Sin embargo, el impacto socioeconómico ha sido muy
diferente entre los países y regiones, lo que ha reflejado las
profundas diferencias subyacentes asociadas a su resiliencia
ante eventos extremos. Mientras los países se preparan para el
futuro, es importante comprender cuáles políticas orientadas
a la manufactura han sido efectivas y cuáles otras no. Este
ambicioso objetivo requiere revisar no solamente los tipos
de respuestas ofrecidas durante las fases temprana y media
de la pandemia, sino también las características estructurales
que determinaron dichas respuestas y que seguirán
determinándolas en el futuro.},
  file        = {:E\:/Escuela/Tesis/Extras/Documentos/IDR 2022 OVERVIEW - SP EBOOK.pdf:PDF},
  url         = {https://www.unido.org/sites/default/files/files/2021-11/IDR 2022 OVERVIEW - SP EBOOK.pdf},
}

@PhdThesis{Salas2018,
  author   = {María Paulina Gavilanes Salas and Karina Roxana Vallejo León},
  school   = {Universidad Politécnica Salesiana},
  title    = {Los procesos de producción en las industrias alimenticias del sector norte de la ciudad de Guayaquil y su incidenciaen los costos de producción},
  year     = {2018},
  address  = {Sede Guayaquil},
  month    = mar,
  type     = {resreport},
  abstract = {Al hablar de industrias alimenticias, se habla de un sin número de materias primas, proveedores, productos, sobretodo distintos procesos a lo largo de su producción, volviendo complejo definir o generalizar inconvenientes o cuellos de botella que se suscitan en su proceso productivo puesto que cada empresa tiene sus particularidades. El presente trabajo investigativo tiene como objeto identificar los tipos de procesos de producción en las industrias alimenticias del sector norte de la ciudad de Guayaquil, conocer la problemática actual y averiguar en qué condiciones desarrollan sus procesos de producción desde la adquisición de materia prima hasta la obtención del producto terminado, lo cual determinará de forma puntualizada las causas y efectos que repercuten en los costos de producción. La metodología utilizada fue de carácter investigativo y de campo, debido a que se aplicó la herramienta de la encuesta a la población de 41 industrias alimenticias ubicadas en el sector norte de la ciudad de Guayaquil, permitiendo recopilar información relevante y fidedigna sobre los problemas en los procesos productivos y de qué manera inciden en los costos de producción de las industrias alimenticias encuestadas con un método ex post-facto descriptivo con enfoque cuantitativo. La encuesta se realizó al supervisor, jefe, capataz y personal más representativo del área de producción de cada empresa. Entre los resultados más importantes se obtuvo que las dificultades y debilidades que presentan los procesos productivos están relacionados con la falta de mantenimiento en maquinaria, la falta de abastecimiento de materia prima en el tiempo necesario y la presencia de maquinaria obsoleta a pesar de los avances tecnológicos.},
  file     = {:E\:/Escuela/Tesis/Extras/Documentos/UPS-GT002108.pdf:PDF},
  keywords = {Procesos de producción, costos de producción, problemática actual, análisis, cuellode botella, incidencia, industrias alimenticias},
  url      = {https://dspace.ups.edu.ec/bitstream/123456789/15501/1/UPS-GT002108.pdf},
}

@Article{Lemus2018,
  author    = {Gil Cruz Lemus and Raisa Socorro Llanes and Ana Mailen Rodríguez Riverón},
  journal   = {Revista Cubana de Ingeniería},
  title     = {Sistema para gestionar bases de conocimiento en la industria alimentaria},
  year      = {2018},
  issn      = {2223 - 1781},
  month     = may,
  number    = {2},
  pages     = {60--68},
  volume    = {IX},
  abstract  = {En la actualidad, el mercado diverso y altamente competitivo exige a las empresas almacenar y analizar una gran diversidad de información, los Sistemas Expertos (SE) se destacan por herramientas de soporte para la toma de decisiones. El presente trabajo desarrolló un sistema para gestionar bases de conocimiento en la Industria Alimentaria, permitiendo la extracción del conocimiento al experto del proceso, la elaboración de las bases de conocimientos necesarias y la modificación de las mismas. Estas bases se utilizan para el trabajo del sistema experto y para el entrenamiento de operarios en procesos tecnológicos en la industria alimentaria mostrando las posibles causas de los problemas, así como las recomendaciones necesarias para eliminarlos. El sistema permite el análisis de la base de conocimiento a partir de los datos suministrados por el usuario, se realiza la inferencia y muestra los resultados. Utiliza las reglas de producción como formalismo de producción y el Drools conocido como JBoss Rules como motor de inferencia. La herramienta obtenida agiliza el proceso de adquisición y representación del conocimiento, y permite al especialista del proceso crear las bases sin la intervención directa de un ingeniero en conocimiento y permite almacenar el mismo para ser utilizado por los nuevos especialistas. Se crearon las bases de conocimiento de dos procesos de la industria alimentaria analizados: el de elaboración de néctar de naranja mandarina y el de elaboración de queso fresco por vía enzimática. Los ficheros generados por el sistema fueron importados por el sistema experto y por el de entrenamiento de forma satisfactoria y las respuestas obtenidas coinciden con el árbol de inferencia original del que se partió para elaborar las bases de conocimientos.},
  booktitle = {Revista Cubana de Ingeniería},
  comment   = {Se enfoca en la problemática que se desea resolver en la investigación que estoy realizando. Plantea información sobre la Industria Alimentaria y el Sistema Gestor de Bases de Conocimiento que brinda la información al nuevo sistema que se debe desarrollar. Este articulo me sirve de referencia para la introduccion y el desarrollo del capitulo 1},
  file      = {:Sistemas Expertos\\1621.pdf:PDF},
  keywords  = {sistema experto, inteligencia artificial, reglas de producción, motores de reglas, base de conocimiento, adquisición del conocimiento},
  publisher = {Revista Cubana de Ingeniería},
}

@PhdThesis{Riveron2017,
  author   = {Ana Mailen Rodríguez Riverón and Raisa Socorro Llanes and Gil Cruz Lemus},
  school   = {Universidad Tecnológica de la Habana “José Antonio Echeverría”},
  title    = {Sistema para gestionar bases de conocimiento en la Industria Alimentaria},
  year     = {2017},
  address  = {La Habana, Cuba},
  month    = oct,
  type     = {software},
  abstract = {El objetivo de este trabajo consiste en desarrollar una herramienta para adquirir bases de conocimientos de procesos tecnológicos en la industria alimentaria, este debe permitir la extracción del conocimiento al experto del proceso, la elaboración de las bases de conocimientos necesarias y la modificación de las mismas para el trabajo del sistema experto sin la intervención directa de un ingeniero en conocimiento, mostrando las posibles causas de los problemas, así como las recomendaciones necesarias para eliminarlos. Este trabajo está vinculado con la realización de un sistema experto, el cual utiliza la base de conocimiento para el control de los procesos en la industria alimentaria.},
  comment  = {Es la tesis referente al sistema gestor de bases de conocimientos. La utilizo para la introduccion y el capitulo 1},
  file     = {:C\:\\Monik\\Escuela\\Practicas\\Tesis\\Prácticas 2do\\Tesis\\rodriguez_riveron_ana mailen.pdf:PDF},
  keywords = {procesos tecnológicos, sistema experto, industria alimentaria},
}

@PhdThesis{ElenaAcostaGil2018,
  author   = {Elena Acosta Gil and Raisa Socorro Llanes},
  school   = {Universidad Tecnológica de la Habana “José Antonio Echeverría”},
  title    = {Sistema para el entrenamiento de operarios en procesos tecnológicos en la Industria Alimentaria},
  year     = {2018},
  address  = {La Habana, Cuba},
  month    = jun,
  type     = {software},
  abstract = {Las Empresas de Proyectos de la Industria Alimentaria presenta la necesidad de entrenar a operarios de plantas. Las mismas necesitan poder entrenar de forma rápida, pues en la actualidad existen muchas irregularidades a la hora de operar los procesos debido a que los encargados de realizar estos trabajos a veces no tienen el suficiente conocimiento. En el trabajo se presenta un sistema para entrenar a operadores de procesos tecnológicos en la industria alimentaria. El mismo tiene como objetivo evaluar las decisiones que toman los operarios ante diferentes situaciones críticas y brindar al tecnólogo principal de un proceso los resultados de la evaluación y como se van superando los mismos. Dicho sistema utiliza el Drools como motor de inferencia para validar las respuestas emitidas por el usuario. El sistema se probó con los procesos de Elaboración de queso fresco por vía enzimática y Elaboración de néctar naranja-mandarina obteniéndose resultados satisfactorios.},
  comment  = {Es la tesis referente al sistema que estoy trabajando. Muy util durante toda la investigacion},
  file     = {:C\:\\Monik\\Escuela\\Practicas\\Tesis\\Prácticas 2do\\Tesis\\acosta_gil_elena.pdf:PDF},
  keywords = {Industria Alimentaria, operarios, procesos tecnológicos, motor de inferencia},
}

@Article{Plecka2013,
  author  = {Plecka Przemys{\l}aw},
  journal = {Zarz{\k{a}}dzanie Przedsi{\k{e}}biorstwem},
  title   = {Selected methods of cost estimation of ERP systems. Modifications},
  year    = {2013},
  issn    = {7840-5892X},
  month   = may,
  number  = {4},
  pages   = {179},
  volume  = {16},
}

@Article{Denby2010,
  author    = {Steve Denby},
  journal   = {Industrial and commercial training},
  title     = {The importance of training needs analysis},
  year      = {2010},
  issn      = {0019-7858},
  month     = apr,
  number    = {3},
  pages     = {147--150},
  volume    = {42},
  abstract  = {Purpose
The purpose of this paper is to describe how carefully targeted training can improve productivity of UK insurance company, Moorhouse Group Ltd's sales team and increased the number of calls it handled by 56 percent.

Design/methodology/approach
An explanation on the use of external consultants and how it helped Moorhouse Group Ltd to identify, design and deliver the training it needed.

Findings
Details of sales training, and the workshops hosted for employees outside the sales area, helped to improve the company's capability to generate leads and convert sales.

Practical implications
The paper shows how training can help to expand the range of skills available in the workforce as well as improve existing expertise.

Originality/value
Individual action plans were created for people who attended the training and these action plans were handed back to managers to embed the learning into business.},
  doi       = {https://doi.org/10.1108/00197851011038132},
  keywords  = {Training, Training-needs, Insurances Companies, United Kingdom},
  publisher = {Emerald Group Publishing Limited},
  url       = {https://doi.org/10.1108/00197851011038132},
}

@Article{Paez2022,
  author  = {Eduardo Enrique García Páez},
  journal = {Bizneo Blog},
  title   = {¿Cómo crear un buen plan de capacitación laboral?},
  year    = {2022},
  issn    = {4519-7858},
  month   = aug,
  number  = {3},
  pages   = {50--62},
  volume  = {2},
  url     = {https://www.bizneo.com/blog/capacitacion-laboral/#Que_es_la_capacitacion_laboral},
}

@Book{RogelioE.Martinez2002,
  author    = {Rogelio E. Martínez R. and Guillermo Romero J. and Kenia Hernández C.},
  editor    = {Boletín IIE},
  publisher = {Aplicaciones tecnológicas},
  title     = {Sistema de capacitación asistido por computadora, accesible vía Internet},
  year      = {2002},
  address   = {México},
  edition   = {III},
  isbn      = {0185-0059},
  month     = may,
  number    = {3},
  series    = {42},
  volume    = {26},
  abstract  = {La naturaleza asíncrona de los STI los convierte en candidatos apropiados para su implantación en la Web dado que facilitan la instrucción a cualquier parte donde se cuente con acceso a Internet, a cualquier persona y sin restricción en los temas o dominios de aplicación.},
  comment   = {Aborda los sistemas de capacitación automatizados.},
  file      = {:C\:\\Users\\HP\\Downloads\\silo.tips_la-creciente-popularidad-y-el-facil-acceso-a-la.pdf:PDF},
  keywords  = {Ingeniería eléctrica, sistema de capacitación, internet, tutoriales, arquitectura de sistemas},
}

@Article{Jacobs2012,
  author   = {Ronald L. Jacobs and Mohammad Jaseem Bu‐Rahmah},
  journal  = {Industrial and Commercial Training},
  title    = {Developing employee expertise through structured on‐the‐job training (S‐OJT): an introduction to this training approach and the KNPC experience},
  year     = {2012},
  issn     = {0019-7858},
  month    = mar,
  number   = {2},
  pages    = {75--84},
  volume   = {44},
  abstract = {Purpose
This paper aims to describe how structured on‐the‐job training (S‐OJT) was implemented to develop new‐hire engineers at the Kuwait National Petroleum Company.

Design/methodology/approach
The paper describes a case study on the development, implementation, and evaluation results of an extensive case study in an organization.

Findings
The results show a reduction in development time and increased confidence in the skills of the new‐hire engineers, among other outcomes reported.

Practical implications
The case study can assist other advanced training and human resource development practitioners to develop high‐skilled technical employees who may require different approaches to ensure a depth of conceptual and job‐related information.

Originality/value
The intent of the case study is to assist other advanced training and human resource development practitioners in developing high‐skilled technical employees. Such employees require different approaches to ensure a depth of conceptual and job‐related information. The case study shows how one organization addressed this issue.},
  comment  = {Artículo científico publicado en Emerald Group Publishing Limited. Aborda el tema de las capacitaciones de operarios y trabajadores en las empresas e industrias. Muy útil a la hora de explicar la importancia de una buena capacitación y por qué es necesario entrenar a los trabajadores.},
  keywords = {Structure on the job training, Employee competence, High-skilled training},
  url      = {https://doi.org/10.1108/00197851211202902},
}

@Article{Aretio2020,
  author  = {Eduardo García Aretio},
  journal = {Contextos universitarios mediados},
  title   = {Etapas de la evaluación de calidad de los aprendizajes},
  year    = {2020},
  issn    = {2340-552X},
  month   = may,
  number  = {2},
  pages   = {5},
  volume  = {8},
  comment = {Explica la importancia de un buen entrenamiento y las fases que se deben cumplir para lograr uno.},
  file    = {:E\:/Escuela/Practicas/Tesis/Prácticas 2do/Prácticas 3ro.Data/PDF/1402578674/Etapas de la evaluación de calidad de los apr.html:URL},
  url     = {https://aretio.hypotheses.org/4168},
}

@Article{Rasheed2021,
  author   = {Fareeha Rasheed and Abdul Wahid},
  journal  = {Expert Systems with Applications},
  title    = {Learning style detection in E-learning systems using machine learning techniques},
  year     = {2021},
  issn     = {0957-4174},
  month    = apr,
  number   = {3},
  pages    = {114--774},
  volume   = {174},
  abstract = {Learning style plays a vital role in helping students retain learned concepts for a longer time and also improves the understanding of the concepts. Learning styles in offline and online scenarios are recognized using questionnaires. The recent trend is to identify and use attributes to detect the learning style of the learner automatically without disturbing the learner. The paper is an extension of the authors' earlier work with some changes to the methodology. In this paper, the authors have identified new attributes and scaled-down the attributes identified earlier, which would help identify the learner's learning style. The authors implemented classification algorithms and compared the accuracy of the different algorithms on the dataset. Various interesting patterns are observed in learner's behaviour while learning different types of concepts in different situations.},
  comment  = {Es la detección de estilos de aprendizaje en sistemas de E-learning utilizando técnicas de aprendizaje automático, es decir, otro ejemplo del uso de sistemas expertos. De esta bibliografía me gustan mucho los diagramas explicativos y el concepto que brinda de sistemas expertos.},
  doi      = {https://doi.org/10.1016/j.eswa.2021.114774},
  keywords = {Machine learning, Classification, Learning style, E-learning},
  url      = {https://www.sciencedirect.com/science/article/pii/S0957417421002153},
}

@Electronic{ISEM2022,
  address      = {Perú},
  author       = {ISEM},
  howpublished = {6 enero 2014},
  language     = {Español},
  month        = jun,
  note         = {Instituto de Seguridad Minera (ISEM)},
  organization = {Instituto de Seguridad Minera-ISEM},
  title        = {Entrenamiento basado en computador para operadores y mantenedores de planta},
  url          = {https://www.revistaseguridadminera.com/capacitacion/entrenamiento-basado-en-computador-para-operadores-y-mantenedores-de-planta/},
  year         = {2022},
  comment      = {Seguridad Minera es la revista oficial del Instituto de Seguridad Minera-ISEM, asociación privada sin fines de lucro, fundada en febrero de 1998 y conformada por empresas mineras e industriales y profesionales independientes del Perú.
A partir de esta información se conocen las capacitaciones automáticas y sus etapas},
  journal      = {Seguridad Minera},
}

@Article{Kanev2017,
  author   = {D. Kanev},
  journal  = {Interactive Systems: Problems of Human-Computer Interaction Collection of scientific papers},
  title    = {System recommendations for assessment of action onthe example of designer CAD},
  year     = {2017},
  issn     = {0997-3474},
  month    = may,
  number   = {3},
  pages    = {185--189},
  volume   = {7},
  abstract = {The article provides an analysis of recommendation systems. The
author's method of formation of recommendations for the designer based on the
protocol design operations different analysis operations solid three-dimensional
modeling of parts, performed in CAD KOMPAS, and allows to replace the nonoptimal sets into sets of operations of operations with fewer steps that will
improve the design efficiency. The problems associated with the development
of the advisory system},
  comment  = {Abarca todo el ema referente a los sistemas de capacitaci[on automatizados, desde su uso hasta su importancia},
  url      = {https://www.researchgate.net/profile/Ali-Obaid-9/publication/327932870_TOOLS_FOR_CONCEPTUAL-ALGORITHMIC_PROTOTYPING_IN_SOLVING_DESIGN_PROBLEMS_IN_THE_DEVELOPMENT_OF_SYSTEMS_WITH_SOFTWARE_Authors/links/5bae1996a6fdccd3cb7949ec/TOOLS-FOR-CONCEPTUAL-ALGORITHMIC-PROTOTYPING-IN-SOLVING-DESIGN-PROBLEMS-IN-THE-DEVELOPMENT-OF-SYSTEMS-WITH-SOFTWARE-Authors.pdf#page=185},
}

@TechReport{Laguna2016,
  author      = {Estefanía Ventura Laguna},
  institution = {Universidad: Rey Juan Carlos},
  title       = {Metodología estándar para el entrenamiento básico de un panel de catadores},
  year        = {2016},
  address     = {Móstoles, Madrid, España},
  month       = jul,
  number      = {24},
  type        = {candthesis},
  abstract    = {Un panel es un instrumento fundamental hoy en día en la industria alimentaria, este instrumento es un grupo de personas (jueces) que han sido entrenados en las distintas pruebas de análisis sensorial. El análisis sensorial es una ciencia que cuantifica la interacción entre los alimentos y las personas. Estos ensayos son ensayos rigurosos que están fundamentados en pruebas, permitiendo evaluar diferentes propiedades y atributos de un producto solo utilizando los sentidos. Todas estas pruebas están elaboradas en distintas normas, estas normas son fundamentales puesto que permiten disponer de dicha herramienta y tenerla siempre en las mejores condiciones. Es necesario tenerla a punto siempre y para ello los jueces deben de estar sometidos a continuos entrenamientos con los productos para los cuales se haya creado el panel, dicho entrenamiento se encuentra regulado en distintas UNES e ISOS, pero se apoya fundamentalmente en la UNE-EN ISO 8586. Sin estas unes no nos permitirán crear paneles  iables. Este panel está basado en la ciencia del análisis sensorial, dicha disciplina científica se utiliza para provocar, medir, analizar e interpretar reacciones a características de los alimentos y otros materiales tal como son percibidas por los sentidos la vista, el gusto, el tacto y el oído. La base fundamental que hará que el panel entienda esta ciencia, su metodología y disponga de los conocimientos básicos para realizar de una manera correcta cada prueba será un entrenamiento básico común para cualquier tipo de producto con el cual queramos especializar al panel. Este trabajo se ha fundamentado en el desarrollo de una metodología estándar que permita el entrenamiento básico a través del apoyo en las distintas normas disponibles para ello, que será la base de la formación del panel. Este entrenamiento está basado en principalmente:
Pruebas triangulares: donde a cada juez se le presenta tres muestras y tienen que decir que muestra es la distinta, siendo importante para la detección de estímulos es decir para aprender a reconocer los distintos sabores básicos. UNE- EN ISO 4120
- Pruebas de ordenación: donde se le presentan al juez tres muestras en caso de sabores básico o diez muestras en el caso de la las texturas, donde tienen que colocarla de menor a mayor concentración o de más firme a menos firme, con esta prueba aprenderá a diferenciar y a ordenar distintas concentraciones o intensidades de un atributo. UNE- EN ISO 8587
- Entrenamiento en escalas: para medir la intensidad de un atributo en el alimento se utilizan escalas de medida por lo que es fundamental que el juez sea capaz de entrenar su memoria espacial, ya que se le pide que cuantifiquen la percepción en cuanto a la intensidad frente a un estímulo. UNE- ISO 4121
- Pruebas descriptivas: donde se les pide a cada juez que prueben o huelan una serie de muestras sin verlas y tienen que decir o describir a que les recuerda o que les evoca. Este tipo de pruebas nos permitirá conocer el vocabulario del que dispone el panel.
El desarrollo de un entrenamiento básico es un trabajo que requiere de mucho esfuerzo y de un trabajo grande por todo el equipo y los jueces, llegando a durar en el tiempo hasta 8 meses de trabajo, si se entran entre 2 y 3 veces al mes. Es importante que se controle toda la calidad implícita en estos ensayos, desde la elaboración de unos buenos cuestionarios que dejen claras las instrucciones de la prueba como procedimientos que indiquen al personal responsable como se debe de llevar a cabo cada sesión. Dicho trabajo sería mucho más difícil y se prologaría mucho más en el tiempo si no se dispusiera de unas herramientas fundamentales como lo son las normas.
Un panel entrenado es una herramienta fundamental en el sector alimentario, entre muchas de sus funciones nos va a servir para:
- Detectar cambios en la materia prima utilizada para la elaboración de un producto, evitando el rechazo por parte del consumidor y con ello la gran pérdida económica que con llevaría a la empresa.
- Son capaces de dar información útil y detalla del producto que evalúen facilitando la formación de fichas técnicas del producto.
- Permiten identificar cambios en la formulación del producto, evitando así que dicho producto llegue al consumidor y pueda ser retirado del mercado.
- Permite detectar cambio a lo largo de la vida útil del producto, definiendo hasta cuando un producto es no solo seguro si no que sea organolépticamente adecuado para el consumidor.
- Permite el control de la calidad de un producto detectando sabores u olores atípicos.
Este trabajo fin de grado se ha basado en la unificación de todas las normas que permiten la formación de un panel y su entrenamiento básico, convirtiéndose en una guía para el sector alimentario fácil y sencilla, con un vocabulario que permite su comprensión sin la necesidad de poseer una base previa en esta disciplina.},
  comment     = {Esta bibliografía contiene un grupo de preguntas básicas a aplicar en un entrenamiento, así como su forma de evaluación},
  file        = {:C\:\\Monik\\Escuela\\Practicas\\Tesis\\Prácticas 2do\\Prácticas 3ro.Data\\PDF\\4043663521\\141_255408.pdf:PDF},
  school      = {Universidad: Rey Juan Carlos},
}

@Book{AltyJames1984,
  author    = {Alty James L and Coombs Martin J},
  editor    = {John Wiley and Sons Inc.},
  publisher = {John Wiley and Sons Inc., New York, NY},
  title     = {Expert systems: concepts and examples},
  year      = {1984},
  address   = {New York, United States},
  edition   = {V},
  isbn      = {5792413},
  month     = jan,
  note      = {99 GENERAL AND MISCELLANEOUS//MATHEMATICS, COMPUTING, AND INFORMATION SCIENCE; EXPERT SYSTEMS; REVIEWS; ARTIFICIAL INTELLIGENCE; C CODES; COMPUTER CALCULATIONS; COMPUTER CODES; DATA PROCESSING; I CODES; M CODES; P CODES; R CODES; DOCUMENT TYPES; PROCESSING; 990200},
  number    = {34},
  series    = {2},
  volume    = {62},
  abstract  = {Expert systems and associated facilities are having a growing impact in various commercial, industrial, educational and other sectors. This book aims to help computer specialists understand the concepts underlying expert systems and to appreciate what is being accomplished in existing systems of this type. The contents are divided into background concepts and examples of expert systems.},
  comment   = {En este libro se aborda el concepto de Sistema Experto. Propone ejemplos y brinda información relevante sobre los mismos.},
  journal   = {John Wiley and Sons, Inc., New York, NY},
  url       = {https://www.osti.gov/biblio/5792413},
}

@PhdThesis{Paspuezan2022,
  author   = {Cisneros Paspuezán and Jhosselyn Mishell},
  school   = {Universidad Técnica del Norte},
  title    = {Aplicación de las tendencias de color según pantone 2021 para el lenguaje visual},
  year     = {2022},
  address  = {Ibarra, Ecuador},
  month    = mar,
  type     = {candthesis},
  abstract = {El presente proyecto de titulación tiene como finalidad la investigación de las tendencias de color del año 2021 y como se usa la colorimetría en distintos ámbitos profesionales, conocer mediante entrevistas las opiniones de expertos en la comunicación visual y aportar mediante análisis diferentes formas de usar los colores en tendencia enfocados desde la psicología del color y la percepción que provoca su uso adecuado en el cerebro humano. Para lo cual se inicia brevemente con un resumen de lo más relevante sobre estudios de color, las tendencias, información sobre la empresa Pantone como líder de estándares de color, continuando por la división de sectores de la industria que son arte, ilustración, branding, diseño de interiores y maquillaje, se buscó la colaboración de expertos y también se analizó el uso de los colores en tendencia en publicaciones en redes sociales más usadas éste año, todo esto en conjunto aporta el conocimiento necesario para ser plasmado la revista de aplicaciones que tiene como objetivo ampliar la percepción del mundo visto desde la importancia del color y mantener actualizados a los profesionales que necesiten compartir conocimiento y opiniones sobre su uso de la colorimetría en sus proyectos.},
  url      = {http://repositorio.utn.edu.ec/handle/123456789/12207},
}

@MastersThesis{TerronLopez2022,
  author   = {Pilar Terrón-López},
  school   = {UNIVERSIDAD INTERNACIONAL DE LA RIOJA, ESCUELA SUPERIOR DE INGENIERÍA Y TECNOLOGÍA},
  title    = {El uso del color en la interfaz gráfica de los videojuegos},
  year     = {2022},
  address  = {La Rioja, España},
  month    = feb,
  type     = {mathesis},
  abstract = {En este Trabajo Fin de Máster se pretende dar respuesta a la siguiente pregunta de investigación: ¿Cómo afecta el color en la interfaz gráfica y en su comunicación con el jugador? Para conseguir dar respuesta a esta pregunta se analiza el color desde diferentes criterios inherentes en la interfaz gráfica de los videojuegos como son: tecnología, personajes, escenarios, HUD, mecánicas, narrativa, taxonomía del jugador y jugador con dificultades cromáticas. Existen estudios sobre color e interfaz gráfica desde diferentes criterios, pero no se analiza el cómo el color afecta a éstos. En este trabajo se presenta un análisis de cómo afecta el color a cada uno de estos criterios. Una vez analizado cómo la teoría del color afecta a todos estos parámetros, se han evaluado una serie de videojuegos representativos, para ver en qué medida afecta su uso a la interfaz gráfica. Así, se ha podido observar como el color es un recurso que va más allá del uso estético, sino que transmite emociones. Se ha comprobado que un buen uso del color ayuda al jugador durante el videojuego ya que en muchos de los videojuegos analizados el color refuerza las mecánicas y potencia la personalidad de los personajes entre otros.},
  file     = {:C\:/Users/HP/Downloads/Terrón López, Pilar.pdf:PDF},
  keywords = {color; videojuegos; interfaz; personajes; emociones; videogames; interface; characters; emotions; Máster Universitario en Diseño Gráfico Digital},
  url      = {https://reunir.unir.net/handle/123456789/12802},
}

@Article{VonRueden2021,
  author   = {Von Rueden, Laura and Mayer, Sebastian and Beckh, Katharina and Georgiev, Bogdan and Giesselbach, Sven and Heese, Raoul and Kirsch, Birgit and Pfrommer, Julius and Pick, Annika and Ramamurthy, Rajkumar and others},
  journal  = {arXiv preprint arXiv:1903.12394},
  title    = {Informed Machine Learning--A Taxonomy and Survey of Integrating Knowledge into Learning Systems},
  year     = {2021},
  issn     = {0957-4174},
  month    = may,
  number   = {12},
  pages    = {10},
  volume   = {4},
  abstract = {Despite its great success, machine learning can have its limits when dealing with insufficient training data. A potential solution is the additional integration of prior knowledge into the training process which leads to the notion of informed machine learning. In this paper, we present a structured overview of various approaches in this field. We provide a definition and propose a concept for informed machine learning which illustrates its building blocks and distinguishes it from conventional machine learning. We introduce a taxonomy that serves as a classification framework for informed machine learning approaches. It considers the source of knowledge, its representation, and its integration into the machine learning pipeline. Based on this taxonomy, we survey related research and describe how different knowledge representations such as algebraic equations, logic rules, or simulation results can be used in learning systems. This evaluation of numerous papers on the basis of our taxonomy uncovers key methods in the field of informed machine learning},
  url      = {https://arxiv.org/abs/1903.12394},
}

@Article{Omuya2021,
  author  = {Erick Odhiambo Omuya and George Onyango Okeyo and Michael Waema Kimwele},
  journal = {Expert Systems with Applications},
  title   = {Feature Selection for Classification using Principal Component Analysis and Information Gain},
  year    = {2021},
  issn    = {0349-4878},
  month   = apr,
  number  = {4},
  pages   = {174},
  volume  = {5},
  url     = {https://www.sciencedirect.com/science/article/pii/S0957417421002062},
}

@Article{Kandula2020,
  author    = {Neha S. Kandula and Jahangeer Sidiq},
  journal   = {International Research Journal on Advanced Science Hub},
  title     = {Analysis of Student Academic Performance through Expert systems},
  year      = {2020},
  issn      = {2582-4376},
  month     = apr,
  number    = {Special Issue ICIES 9S},
  pages     = {48--54},
  volume    = {2},
  abstract  = {Predicting the performance of students is one of the most important topics required for learning contexts such as colleges and universities, as it helps to design successful mechanisms that boost tutorial outcomes and prevent dropouts among various items. These are benefited by automating the many processes involved in the activities of usual students which handle huge volumes of information collected from package tools for technology-enhanced learning. Thus, the careful analysis and interpretation of these information would provide us with valuable data regarding the data of the students and therefore the relationship between them and hence the tutorial tasks. This data is the supply which feeds promising algorithms and methods able to estimate the success of the students. During this analysis, virtually many papers were analysed to show radically different trendy techniques widely applied to predict the success of students, along with the goals they need to achieve in this area. These computing-related techniques and approaches are mainly machine learning techniques, deep learning techniques, Artificial Neural Networks &amp; Neural Networks Convolution, etc. This paper demonstrates the analysis and their comparisons of various methods used to forecast Student Academic success.},
  comment   = {En este artículo se explica cómo se utilizó un sistema experto para el análisis del rendimiento académico de un grupo de estudiantes. Sugiere el empleo de un sistema con esta base, y los beneficios de utilizar un sistema experto.},
  doi       = {10.47392/irjash.2020.158},
  eissn     = {2582-4376},
  eprint    = {https://rspsciencehub.com/article__378f93ccca1b6318cddc96f7476202f81363.pdf},
  keywords  = {Deep Learning, Machine Learning, prediction, Academic Performance, analysis},
  publisher = {RSP Science Hub},
  url       = {https://rspsciencehub.com/article_1363.html},
}

@InProceedings{Barham2022,
  author       = {Paul Barham and Michael Isard},
  booktitle    = {Proceedings of the Workshop on Hot Topics in Operating Systems},
  title        = {Machine learning systems are stuck in a rut},
  year         = {2022},
  address      = {United States},
  editor       = {ACM Digital},
  month        = may,
  number       = {31},
  organization = {ACM Digital Library},
  pages        = {177--183},
  publisher    = {ACM Digital Library},
  series       = {2},
  volume       = {24},
  abstract     = {In this paper we argue that systems for numerical computing are stuck in a local basin of performance and programmability. Systems researchers are doing an excellent job improving the performance of 5-year-old benchmarks, but gradually making it harder to explore innovative machine learning research ideas.

We explain how the evolution of hardware accelerators favors compiler back ends that hyper-optimize large monolithic kernels, show how this reliance on high-performance but inflexible kernels reinforces the dominant style of programming model, and argue these programming abstractions lack expressiveness, maintainability, and modularity; all of which hinders research progress.

We conclude by noting promising directions in the field, and advocate steps to advance progress towards high-performance general purpose numerical computing systems on modern accelerators.},
  doi          = {https://doi.org/10.1145/3317550.3321441},
  url          = {https://doi.org/10.1145/3317550.3321441},
}

@Article{Mitchell1990,
  author    = {Tom Mitchell and Buchanan, Bruce and DeJong, Gerald and Dietterich, Thomas and Rosenbloom, Paul and Waibel, Alex},
  journal   = {Annual review of computer science},
  title     = {Machine learning},
  year      = {1990},
  issn      = {2549-7858},
  month     = may,
  number    = {1},
  pages     = {417--433},
  volume    = {4},
  publisher = {Annual Reviews 4139 El Camino Way, PO Box 10139, Palo Alto, CA 94303-0139, USA},
  url       = {https://www.annualreviews.org/doi/abs/10.1146/annurev.cs.04.060190.002221?journalCode=arcompsci},
}

@Article{Herchi2012,
  author   = {Herchi, Hatem and Abdessalem, Wahiba Ben},
  journal  = {arXiv preprint arXiv},
  title    = {From user requirements to UML class diagram},
  year     = {2012},
  issn     = {1211-0713},
  month    = nov,
  number   = {68},
  pages    = {4},
  volume   = {2},
  abstract = {The transition from user requirements to UML diagrams is a difficult task for the designer especially when he handles large texts expressing these needs. Modeling class Diagram must be performed frequently, even during the development of a simple application. This paper proposes an approach to facilitate class diagram extraction from textual requirements using NLP techniques and domain ontology.},
  doi      = {https://doi.org/10.48550/arXiv.1211.0713},
  keywords = {Class Diagram, Natural LanguageProcessing, GATE, Domain ontology, requirements},
  url      = {https://arxiv.org/ftp/arxiv/papers/1211/1211.0713.pdf},
}

@Book{Chisholm2007,
  author    = {Chisholm, Malcolm},
  editor    = {Lothlórien Homet},
  publisher = {Morgan Kaufmann},
  title     = {How to build a business rules engine: Extending application functionality through metadata engineering},
  year      = {2007},
  address   = {500 Sansome Street, San Fransisco, United States},
  edition   = {Kristin Landon},
  isbn      = {1-55860-918-0},
  month     = feb,
  number    = {5},
  series    = {42},
  volume    = {9},
  url       = {https://books.google.com.cu/books?hl=es&lr=&id=wtLPE9xouRQC&oi=fnd&pg=PR17&dq=business+rules+engine&ots=lAxR9Co1Gm&sig=FJYNXUPa2KcWg7SOPOqcWWxFohQ&redir_esc=y#v=onepage&q=business rules engine&f=false},
}

@Comment{jabref-meta: databaseType:bibtex;}
